<record xmlns="http://www.loc.gov/MARC21/slim" xmlns:xsi="http://www.w3.org/2001/XMLSchema-instance" xsi:schemaLocation="http://www.loc.gov/MARC21/slim http://www.loc.gov/standards/marcxml/schema/MARC21slim.xsd"><leader>     nam a22        4500</leader><controlfield tag="001">3063277</controlfield><controlfield tag="003">NNC</controlfield><controlfield tag="006">m        d        </controlfield><controlfield tag="007">cr cn |||m|||a</controlfield><controlfield tag="008">150313s1938    ua      ob    000 0 ara d</controlfield><datafield ind1=" " ind2=" " tag="040"><subfield code="a">NNU</subfield><subfield code="b">eng</subfield><subfield code="e">rda</subfield><subfield code="c">NNU</subfield></datafield><datafield ind1=" " ind2="4" tag="050"><subfield code="a">KBP3534</subfield><subfield code="b">.S539 1938</subfield></datafield><datafield ind1="1" ind2=" " tag="100"><subfield code="6">880-01</subfield><subfield code="a">Shayba&#772;ni&#772;, Muh&#803;ammad ibn al-H&#803;asan,</subfield><subfield code="d">approximately 750-804 or 805.</subfield></datafield><datafield ind1="1" ind2="3" tag="245"><subfield code="6">880-02</subfield><subfield code="a">al-Iktisa&#772;b fi&#772; al-rizq al-mustat&#803;a&#772;b /</subfield><subfield code="c">ta&#700;li&#772;f Muh&#803;ammad ibn al-H&#803;asan al-Shi&#772;ba&#772;ni&#772; ; talkhi&#772;s&#803; tilmi&#772;dhihi Muh&#803;ammad ibn Sama&#772;&#699;ah ; &#699;arrafa al-kita&#772;b wa-tarjama lil-mu&#700;allif wa-&#699;allaqa h&#803;awa&#772;shiyah Mah&#803;mu&#772;d &#699;Arnu&#772;s ; nasharahu wa-ra&#772;ja&#699;a as&#803;lahu wa-s&#803;ah&#803;h&#803;ah&#803;ahu &#699;&#803;Izzat al-&#699;At&#803;t&#803;a&#772;r.</subfield></datafield><datafield ind1=" " ind2=" " tag="250"><subfield code="6">880-03</subfield><subfield code="a">al-T&#803;ab&#699;ah 1.</subfield></datafield><datafield ind1=" " ind2=" " tag="260"><subfield code="6">880-04</subfield><subfield code="a">[Cairo] :</subfield><subfield code="b">Mat&#803;ba&#699;at al-Anwa&#772;r,</subfield><subfield code="c">1938.</subfield></datafield><datafield ind1=" " ind2=" " tag="300"><subfield code="a">online resource (89 pages)</subfield></datafield><datafield ind1=" " ind2=" " tag="336"><subfield code="a">text</subfield><subfield code="2">rdacontent</subfield></datafield><datafield ind1=" " ind2=" " tag="337"><subfield code="a">computer</subfield><subfield code="2">rdamedia</subfield></datafield><datafield ind1=" " ind2=" " tag="338"><subfield code="a">online resource</subfield><subfield code="2">rdacarrier</subfield></datafield><datafield ind1=" " ind2=" " tag="500"><subfield code="a">Part of the Arabic Collections Online (ACO) project, contributed by Columbia University Libraries.</subfield></datafield><datafield ind1=" " ind2=" " tag="504"><subfield code="a">Includes bibliographical references.</subfield></datafield><datafield ind1=" " ind2=" " tag="533"><subfield code="a">Electronic reproduction.</subfield><subfield code="b">New York, N.Y. :</subfield><subfield code="c">New York University,</subfield><subfield code="d">2015.</subfield><subfield code="5">NNU</subfield></datafield><datafield ind1=" " ind2="0" tag="650"><subfield code="a">Money (Islamic law)</subfield></datafield><datafield ind1=" " ind2="0" tag="650"><subfield code="a">Money</subfield><subfield code="x">Religious aspects</subfield><subfield code="x">Islam.</subfield></datafield><datafield ind1=" " ind2="0" tag="650"><subfield code="a">Muslims</subfield><subfield code="x">Conduct of life.</subfield></datafield><datafield ind1=" " ind2="0" tag="650"><subfield code="a">Islamic ethics.</subfield></datafield><datafield ind1=" " ind2="7" tag="650"><subfield code="a">Islamic ethics.</subfield><subfield code="2">fast</subfield><subfield code="0">(OCoLC)fst00979936</subfield></datafield><datafield ind1=" " ind2="7" tag="650"><subfield code="a">Money (Islamic law)</subfield><subfield code="2">fast</subfield><subfield code="0">(OCoLC)fst01025314</subfield></datafield><datafield ind1=" " ind2="7" tag="650"><subfield code="a">Money</subfield><subfield code="x">Religious aspects</subfield><subfield code="x">Islam.</subfield><subfield code="2">fast</subfield><subfield code="0">(OCoLC)fst01025299</subfield></datafield><datafield ind1=" " ind2="7" tag="650"><subfield code="a">Muslims</subfield><subfield code="x">Conduct of life.</subfield><subfield code="2">fast</subfield><subfield code="0">(OCoLC)fst01031037</subfield></datafield><datafield ind1="1" ind2=" " tag="700"><subfield code="6">880-05</subfield><subfield code="a">&#699;Arnu&#772;s, Muh&#803;mu&#772;d.</subfield></datafield><datafield ind1="1" ind2=" " tag="700"><subfield code="6">880-06</subfield><subfield code="a">&#699;At&#803;t&#803;a&#772;r, &#699;Izzat.</subfield></datafield><datafield ind1="1" ind2=" " tag="700"><subfield code="6">880-07</subfield><subfield code="a">Sama&#772;&#699;ah, Muh&#803;ammad ibn.</subfield></datafield><datafield ind1="2" ind2=" " tag="710"><subfield code="a">Columbia University.</subfield><subfield code="b">Libraries.</subfield></datafield><datafield ind1="0" ind2=" " tag="730"><subfield code="a">Arabic Collections Online.</subfield></datafield><datafield ind1="0" ind2="8" tag="776"><subfield code="i">Print version:</subfield><subfield code="a">Shayba&#772;ni&#772;, Muh&#803;ammad ibn al-H&#803;asan, approximately 750-804 or 805.</subfield><subfield code="t">al-Iktisa&#772;b fi&#772; al-rizq al-mustat&#803;a&#772;b</subfield><subfield code="w">(NNC)3063277</subfield><subfield code="w">(OCoLC)82673038</subfield></datafield><datafield ind1="4" ind2="0" tag="856"><subfield code="u">http://hdl.handle.net/2333.1/79cnp7vj</subfield></datafield><datafield ind1="1" ind2=" " tag="880"><subfield code="6">100-01/r</subfield><subfield code="a">&#1588;&#1610;&#1576;&#1575;&#1606;&#1610;&#1548; &#1605;&#1581;&#1605;&#1583; &#1576;&#1606; &#1575;&#1604;&#1581;&#1587;&#1606;.</subfield></datafield><datafield ind1="1" ind2="2" tag="880"><subfield code="6">245-02/r</subfield><subfield code="a">&#1575;&#1604;&#1573;&#1603;&#1578;&#1587;&#1575;&#1576; &#1601;&#1610; &#1575;&#1604;&#1585;&#1586;&#1602; &#1575;&#1604;&#1605;&#1587;&#1578;&#1591;&#1575;&#1576; /</subfield><subfield code="c">&#1578;&#1571;&#1604;&#1610;&#1601; &#1605;&#1581;&#1605;&#1583; &#1576;&#1606; &#1575;&#1604;&#1581;&#1587;&#1606; &#1575;&#1604;&#1588;&#1610;&#1576;&#1575;&#1606;&#1610; &#1563; &#1578;&#1604;&#1582;&#1610;&#1589; &#1578;&#1604;&#1605;&#1610;&#1584;&#1607; &#1605;&#1581;&#1605;&#1583; &#1576;&#1606; &#1587;&#1605;&#1575;&#1593;&#1607; &#1563; &#1593;&#1585;&#1601; &#1575;&#1604;&#1603;&#1578;&#1575;&#1576; &#1608;&#1578;&#1585;&#1580;&#1605; &#1604;&#1604;&#1605;&#1572;&#1604;&#1601; &#1608;&#1593;&#1604;&#1602; &#1581;&#1608;&#1575;&#1588;&#1610;&#1577; &#1605;&#1581;&#1605;&#1608;&#1583; &#1593;&#1585;&#1606;&#1608;&#1587; &#1563; &#1606;&#1588;&#1585;&#1607; &#1608;&#1585;&#1575;&#1580;&#1593; &#1571;&#1589;&#1604;&#1607; &#1608;&#1589;&#1581;&#1581;&#1607; &#1593;&#1586;&#1577; &#1575;&#1604;&#1593;&#1591;&#1575;&#1585;.</subfield></datafield><datafield ind1=" " ind2=" " tag="880"><subfield code="6">250-03/r</subfield><subfield code="a">&#1575;&#1604;&#1591;&#1576;&#1593;&#1577; 1.</subfield></datafield><datafield ind1=" " ind2=" " tag="880"><subfield code="6">260-04/r</subfield><subfield code="a">[Cairo] :</subfield><subfield code="b">&#1605;&#1591;&#1576;&#1593;&#1577; &#1575;&#1604;&#1571;&#1606;&#1608;&#1575;&#1585;&#1548;</subfield><subfield code="c">1938.</subfield></datafield><datafield ind1="1" ind2=" " tag="880"><subfield code="6">700-05/r</subfield><subfield code="a">&#1593;&#1585;&#1606;&#1608;&#1587;&#1548; &#1605;&#1581;&#1605;&#1608;&#1583;.</subfield></datafield><datafield ind1="1" ind2=" " tag="880"><subfield code="6">700-06/r</subfield><subfield code="a">&#1593;&#1591;&#1575;&#1585;&#1548; &#1593;&#1586;&#1577;.</subfield></datafield><datafield ind1="1" ind2=" " tag="880"><subfield code="6">700-07/r</subfield><subfield code="a">&#1587;&#1605;&#1575;&#1593;&#1607;&#1548; &#1605;&#1581;&#1605;&#1583; &#1576;&#1606;.</subfield></datafield><datafield ind1=" " ind2=" " tag="959"><subfield code="a">NNU</subfield><subfield code="b">WEB</subfield><subfield code="c">GENI</subfield><subfield code="t">0</subfield><subfield code="m">Electronic access</subfield><subfield code="s">01</subfield></datafield><datafield ind1=" " ind2=" " tag="999"><subfield code="i">NNC_3063277</subfield><subfield code="o">(OCoLC)ocm82673038 </subfield><subfield code="s">columbia_aco000561</subfield></datafield></record>